<?xml version="1.0" encoding="UTF-8"?><collection xmlns="http://www.loc.gov/MARC21/slim"><record><leader>00556nam--2200181-i-4500</leader><controlfield tag="001">000048503</controlfield><controlfield tag="002">20161230</controlfield><controlfield tag="005">20161230201047</controlfield><controlfield tag="008">060222s1000------------r-----000-0-eng-d</controlfield><datafield ind1=" " ind2=" " tag="040"><subfield code="a">IFIN-HH</subfield></datafield><datafield ind1=" " ind2=" " tag="080"><subfield code="a">532.135</subfield></datafield><datafield ind1="1" ind2=" " tag="100"><subfield code="a">Rabotnov, Yu.N</subfield></datafield><datafield ind1="1" ind2="0" tag="245"><subfield code="a">Elements of hereditary solid mechanics</subfield><subfield code="b">Translated from the russian by m.konyaeva</subfield><subfield code="c">Iu.n. rabotnov</subfield></datafield><datafield ind1=" " ind2=" " tag="260"><subfield code="a">Moscow</subfield><subfield code="b">Mir</subfield><subfield code="c">1980</subfield></datafield><datafield ind1=" " ind2=" " tag="300"><subfield code="a">387P</subfield></datafield><datafield ind1=" " ind2=" " tag="500"><subfield code="a">Titlul Original In Limba Rusa: Elementi Nasledstvennoi Mehaniki Tverdih Tel</subfield></datafield><datafield ind1=" " ind2=" " tag="852"><subfield code="a">48799</subfield><subfield code="c">539.4</subfield></datafield><datafield ind1=" " ind2=" " tag="CAT"><subfield code="a">Sys</subfield><subfield code="c">20130129</subfield><subfield code="h">155500</subfield></datafield></record></collection>